
@book{lewicki_essentials_2016,
	address = {Dubuque},
	edition = {Sixth Edition},
	title = {Essentials of negotiation},
	isbn = {978-0-07-786246-6},
	publisher = {McGraw-Hill Education},
	author = {Lewicki, Roy J. and Barry, Bruce and Saunders, David M.},
	year = {2016},
	keywords = {Negotiation, Negotiation in business}
}

@misc{program_of_negotiation_three_2008,
	title = {Three {Party} {Coalition} {Exercise} - {Game} {Theory} and {Negotiation} {Analytics} {Role}-{Play}},
	language = {English},
	author = {{Program of Negotiation}},
	editor = {{Harvard Law School}},
	year = {2008}
}
